@misc{Engelbart:casusDDDQ:2019,
    place = {Arnhem},
    title = {Casus DDDQ 2018-2019 - ODISEE},
    publisher = {Hogeschool van Arnhem en Nijmegen},
    author = {Engelbart, Marco},
    edition = {2018-2019},
    year = {2019},
    month = {Feb}
}
@misc{Engelbart:installerenIMDB:2019,
    place = {Arnhem},
    title = {Installeren van de IMDB Database},
    publisher = {Hogeschool van Arnhem en Nijmegen},
    author = {Engelbart, Marco},
    edition = {2018-2019},
    year = {2019},
    month = {Feb}
}